@article{mann1947test,
  title={On a test of whether one of two random variables is stochastically larger than the other},
  author={Mann, Henry B. and Whitney, Donald R.},
  journal={The Annals of Mathematical Statistics},
  volume={18},
  number={1},
  pages={50--60},
  year={1947},
  publisher={Institute of Mathematical Statistics},
  doi={10.1214/aoms/1177730491}
}

@article{kruskal1952use,
  title={Use of ranks in one-criterion variance analysis},
  author={Kruskal, William H. and Wallis, W. Allen},
  journal={Journal of the American Statistical Association},
  volume={47},
  number={260},
  pages={583--621},
  year={1952},
  publisher={Taylor \& Francis}
}

@article{dunnett1955multiple,
  title={A multiple comparison procedure for comparing several treatments with a control},
  author={Dunnett, Charles W.},
  journal={Journal of the American Statistical Association},
  volume={50},
  number={272},
  pages={1096--1121},
  year={1955},
  doi={10.1080/01621459.1955.10501294},
  publisher={Taylor \& Francis}
}

@misc{silentkarmi2025normalized,
  author       = {Kartikeya},
  title        = {Normalized Performance Measure},
  year         = {2025},
  publisher    = {GitHub},
  url          = {https://github.com/silentkarmi/normalized-rank-comparison},
  note         = {Code for Mathematical (SymPy, Jupyter Notebook, Python), Numerical Validation (SciPy, Python), and LaTeX manuscript; accessed 7 July 2025}
}

@book{goodfellow2016deep,
  title={Deep Learning},
  author={Goodfellow, Ian and Bengio, Yoshua and Courville, Aaron},
  publisher={MIT Press},
  year={2016},
  isbn={9780262035613},
  url={https://www.deeplearningbook.org}
}

@article{spearman1904proof,
  title={The Proof and Measurement of Association Between Two Things},
  author={Spearman, Charles},
  journal={The American Journal of Psychology},
  volume={15},
  number={1},
  pages={72--101},
  year={1904},
  publisher={University of Illinois Press},
  doi={10.2307/1412159}
}

@book{han2011data,
  author    = {Han, Jiawei and Kamber, Micheline and Pei, Jian},
  title     = {Data Mining: Concepts and Techniques},
  publisher = {Morgan Kaufmann},
  year      = {2011},
  edition   = {3},
  isbn      = {9780123814791}
}

@article{wilcoxon1945individual,
  title={Individual Comparisons by Ranking Methods},
  author={Wilcoxon, Frank},
  journal={Biometrics Bulletin},
  volume={1},
  number={6},
  pages={80--83},
  year={1945},
  publisher={Wiley},
  doi={10.2307/3001968}
}